
@misc{recktenw95,
	author="Recktenw, {G.}",
	title="MATLAB Functions -- Basic Features",
	howpublished="http://web.cecs.pdx.edu/~gerry/MATLAB/programming/basics.html",
	year="1995",
	note="Last accessed: 2012-08-06",
}

@misc{huber97,
	author="Huber, {T.}",
	title="Introduction to Matlab Scripts ",
	howpublished="http://physics.gac.edu/~huber/envision/tutor2/mtlscrip.htm",
	year="1997",
	note="Last accessed: 2012-08-06",
}

@misc{barney12,
	author="Barney, {B.}",
	title="POSIX Threads Programming",
	howpublished="https://computing.llnl.gov/tutorials/pthreads/",
	year="2012",
	note="Last accessed: 2012-08-06",
}

@misc{tim10,
	author="Tim",
	title="pthreads in C – a minimal working example",
	howpublished="http://timmurphy.org/2010/05/04/pthreads-in-c-a-minimal-working-example/",
	year="2010",
	note="Last accessed: 2012-08-06",
}

@misc{cprogramming,
	author="Cprogramming.com",
	title="C Tutorial",
	howpublished="http://www.cprogramming.com/tutorial/c-tutorial.html",
	note="Last accessed: 2012-08-06",
}

@misc{gnu_make,
	author="GNU",
	title="GNU `make'",
	howpublished="http://www.gnu.org/software/make/manual/make.html",
	note="Last accessed: 2012-08-06",
}

@misc{anonymous_make_1,
	author="Anonymous",
	title="An Introduction to the UNIX Make Utility ",
	howpublished="http://frank.mtsu.edu/~csdept/FacilitiesAndResources/make.htm",
	note="Last accessed: 2012-08-06",
}

@misc{garrels08,
	author="Garrels, {M.}",
	title="Bash Guide for Beginners",
	howpublished="http://tldp.org/LDP/Bash-Beginners-Guide/html/",
	year="2008",
	note="Last accessed: 2012-08-06",
}

@misc{mikeg00,
	author="Mike G",
	title="BASH Programming - Introduction HOW-TO",
	howpublished="http://tldp.org/HOWTO/Bash-Prog-Intro-HOWTO.html",
	year="2000",
	note="Last accessed: 2012-08-06",
}

@book{keller01,
	author="Keller, {J.} and Kessler, {C.} and Traff, {J.L.}",
	title="Practical PRAM Programming",
	publisher="Wiley-Interscience",
	year="2001",
	isbn="ISBN 0-471-35351-5",
}

@article{arenas09,
	author="Arenas, {E.}",
	title="How teachers' attitude affect their approach to teaching international students",
	journal="Higher Education Research and Development",
	volume="26",
	issue="6",
	year="2009",
	month="December",
	pages="615-628",
	issn="ISSN 0729-4360 print/ISSN 1469-8366 online",
	publisher="Herdsa",
}

@article{causey00,
	author="Causey, Virginia {E.} and Thomas, Christine {D.} and Armento, Beverly {J.}",
	title="Cultural diversity is basically a foreign term to me: the challenges of diversity for preservice teacher education",
	journal="Teaching and Teacher Education",
	volume="16",
	pages="33-45",
	year="2000",
	month="January",
	issn="ISSN-0742-051X",
}

@mastersthesis{wu03,
	author="Wu, Xiaojun",
	title="Challenges of accomodating non--native english-speaking instructors' teaching and native {E}nglish speaking students' learning in college, and the exploration of potential solutions",
	school="The Graduate school, University of Wisconsin-Stout",
	year="2003",
	month="May",
	note="Available at http://uwstout.edu/lib/thesis/2003/2003wux.pdf"
}

@article{hutchison07,
	author="Hutchison, Charles {B.} and Jazzar, Michael",
	title="Mentors for teachers from outside the {U.S.}",
	journal="Phi Delta kappan",
	month="January",
	year="2007",
	volume="88",
}

@article{alberts08,
	author="Alberts, Heike {C.}",
	title="The challenges and opportunities of foreign-born instructors in the classroom",
	journal="Journal of Geography in Higher education",
	volume="32",
	issue="2",
	month="May",
	year="2008",
	pages="189-203",
}

@misc{borjas00,
	author="Borjas, George {J.}",
	title="Foreign-born teaching assistants and the academic performance of undergraduates",
	howpublished="Working paper 7635 National Bureau of economic research, http://www.nber.org/papers/w7635",
	year="2000",
	note="Copyright 2000 by George Borjas, All rights reserved"
}

@article{frazer70,
 author = {Frazer, W. D. and McKellar, A. C.},
 title = {Samplesort: A Sampling Approach to Minimal Storage Tree Sorting},
 journal = {J. ACM},
 volume = {17},
 issue = {3},
 month = {July},
 year = {1970},
 issn = {0004-5411},
 pages = {496--507},
 numpages = {12},
 url = {http://doi.acm.org/10.1145/321592.321600},
 doi = {http://doi.acm.org/10.1145/321592.321600},
 acmid = {321600},
 publisher = {ACM},
 address = {New York, NY, USA},
} 

@inproceedings{scarpazza09,
	author = "Daniele P. Scarpazza and Gordon W. Braudaway",
	title = "Workload characterization and optimization of high-performance text indexing on the {C}ell {B}roadband {E}ngine {(Cell/B.E.)}",
	booktitle = "Proc. IEEE Int. Symp. on Workload Characterization (IISWC '09)",
	pages = "13-23",
	month = OCT,
	year = "2009"
}

@misc{melot11-marc,
	author = {Nicolas Melot and Kenan Avdic and Christoph Kessler and J\"org Keller},
	title = {Investigation of Main Memory Bandwidth on {Intel Single-Chip Cloud Computer}},
	howpublished = {Intel MARC3 Symposium 2011, Ettlingen},
	year = 2011,
}

@misc{melot11-acaces,
	author = {Nicolas Melot and Kenan Avdic and Christoph Kessler and J\"org Keller},
	title = {Memory intensive parallel computing on the {Intel Single-Chip Cloud Computer}: a case study with Mergesort},
	howpublished = {Poster abstract ACACES 2011, ISBN 978 90 382 1798 7},
	year = 2011,
}

@inproceedings{avdic11,
	author = {Kenan Avdic and Nicolas Melot and J\"org Keller and Christoph Kessler},
	title = {Parallel Sorting on {Intel Single-Chip Cloud Computer}},
	booktitle = {Proc. A4MMC workshop on applications for multi- and many-core processors at ISCA-2011},
	year = 2011,
}

@inproceedings{chen11,
	title = "A methodology for diagnosing critical section bottlenecks in multithreaded applications",
	author = "Chen, Gauncheng and Stenström, Per",
	booktitle = "Fourth Workshop on Programmability Issues for Multi-Core Computers (MULTIPROG-2011)",
	pages = "21-35",
	year = "2011",
}

@inproceedings{suleman09,
	title = "Accelerating critical section execution with asymmetric Multicore architectures.",
	author = "Suleman, {M.A} and Mutlu, {O.} and Qureshi, {M.K.} and Patt, {Y.N.}",
	booktitle = "Proceedings of the 14th international conference on architectural support for programming languages and operating systems (ASPLOS)",
	pages = "253-264",
	year = "2009",
}

@inproceedings{rundberg03,
	title = "Speculative lock reordering: optimistic out-of-order execution of critical sections",
	author = "Rundberg, {P.} and Stenström, {P.}",
	booktitle = "Proceedings of the 17th international symposium on parallel and distributed processing (IPDPS)",
	pages = "8-16",
	year = "2003",
}

@inproceedings{herlihy93,
	title = "Transactional memory: architecture support for lock-free data structures",
	author = "Herlihy, {M.} and Moss, {J.E.B.}",
	booktitle = "Proceedings of the international symposium on cimputer architecture (ISCA)",
	pages = "289-300",
	year = "1993",
}

@inproceedings{magnusson98,
	title = "SimICS/sun4m: A virtual workstation",
	author = "Magnusson, {P.} and Dahlgren, {F.} and Grahn, {H.} and Karlsson, {M.} and Larsson, {F.} and Lundholm, {F.} and Moestedt, {A.} and Nilsson, {J.} and Stenström, {P.}",
	booktitle = "Proceedings of the 1998 USENIX annual technical conference",
	pages = "119-130",
	year = "1998",
}

@inproceedings{michael96,
	title = "Simple, fast and practical non-blockingand blocking concurrent queue algorithms.",
	author = "Michael, {M.M.} and Scott, {M.}",
	booktitle = "Proceedings of fifteenth annual ACM symposium on principles of distributed computing (PODC)",
	pages = "267-275",
	year = "1996",
}

@inproceedings{woo95,
	title = "The SPLASH-2 programs: Characterization and methodological considerations.",
	author = "Woo, {S.C.} and Ohara, {M.} and Torrie, {E.} and Singh, {J.P.} and Gupta, {A.}",
	booktitle = "Proceedings of the international symposium on computer architecture (ISCA)",
	year = "1995",
}

@book{jaja92,
	author = {J\'{a}J\'{a}, {J.}},
	title = {An introduction to parallel algorithms},
	year = {1992},
	publisher = {Addison Wesley Longman Publishing Co., Inc.},
} 

@book{akl85,
	author="Akl, {G.S.ja}",
	title="Parallel sorting algorithms",
	publisher="Academic press",
	year="1985",
}

@book{biggs07,
	author="Biggs, {J.} and Tang, {C.}",
	title="Teaching for quality learning at university",
	publisher="Open University Press",
	year="2007",
}

@article{gustavsson02,
	title="What do we mean by lifelong learning and knowledge?",
	author="Gustavsson, {B.}",
	journal="International journal of lifelong education",
	volume="21",
	year="2002",
	month="January-February",
	pages="13-23",
}

@article{glasersfeld89,
	title="Cognition, Construction of Knowledge, and teaching",
	author="von Glasersfeld, E",
	booktitle="Synthese",
	volume="80",
	year="1989",
	pages="121-140",
}

@article{cole88,
	title="Parallel sort algorithm",
	author="Cole, {R.}",
	journal="SIAM journal on computing 17",
	pages="770-785",
	year="1988",
}

@inproceedings{gedik07,
	title="CellSort: high performance sorting on the {C}ell processor",
	author="Gedik, {B.} and Bordawekar, {R.R.} and Yu, {P.S.}",
	booktitle="VLDB '07 Proceedings of the 33rd international conference on Very large data bases",
	year="2007",
}

@inproceedings{inoue07,
	title="{AA-Sort}: A new parallel sorting algorithm for multi-core {SIMD} processors",
	author="Inoue, {H.} and Moriyama, {T.} and Komatsu, {H.} and Nakatani, {T.}",
	year = "2007",
	booktitle="Proceedings of the 16th International Conference on Parallel Architecture and Compilation Techniques (PACT '07)",
}

@article{chen07, 
	author={Chen, T. and Raghavan, R. and Dale, J. N. and Iwata, E.}, 
	journal={IBM Journal of Research and Development},
	title={Cell Broadband Engine Architecture and its first implementation - A performance view}, 
	year={2007}, 
	month=sept. , 
	volume={51}, 
	number={5}, 
	pages={559 -572}, 
	keywords={}, 
}

@article{keller11,
	author="Keller, {J.} and Kessler, {C.W.} and Hult\'en, {R.}",
	title="Optimized on-chip-pipelined mergesort on the Cell Broadband Engine",
	journal="Parallel Computing",
	volume="(to be published)",
	pages="",
	year="2011",
}

@inproceedings{keller08,
	author="Keller, {J.} and Kessler, {C.}",
	title="Optimized pipelined parallel merge sort on the {C}ell {BE}",
	booktitle="$2^{nd}$ international workshop on highly parallel processing on a chip $(HPPC-2008)$",
	pages="8-17",
	year="2008",
}

@inproceedings{hulten10,
	author="Hult\'en, {R.} and Keller, {J.} and Kessler, {C.}",
	title="Optimized on-chip-pipelined mergesort on the {Cell/B.E.}",
	booktitle="Proceedings of {E}uro-{P}ar 2010",
	volume="6272",
	pages="187-198",
	year="2010",
}

@article{howard10,
	author="Howard, {J.} and Dighe, {S.} and Vangal, {S.} and Ruhl, {G.} and Borkar, {N.} and Jain, {S.} and Erraguntla, {V.} and Konow, {M.} and Riepen, {M.} and Gries, {M.} and Droege, {G.} and Lund-Larsen, {T.} and Steibl, {S.} and Borkar, {S.} and De, {V.} and Van Der Wijngaart, {R.}",
	title="A {48-Core} {IA}-32 message-passing processor in 45nm {CMOS} using on-die message passing and {DVFS} for performance and power scaling",
 journal="IEEE J. of Solid-State Circuits",
 volume={46}, number={1}, month = jan, year = 2011,
	pages="173-183",
}

@inproceedings{howard10-isscc,
	author="Howard, {J.} and Dighe, {S.} and Hoskote, {Y.} and Vangal, {S.} and Finan, {D.} and Ruhl, {G.} and Jenkins, {D.} and Wilson and, {H.} Borkar, {N.} and Schrom, {G.} and Pailet, {F.} and Jain, {S.} and Jacob, {T.} and Yada, {S.} and Marella, {S.} and Salihundam, {P.} and Erraguntla, {V.} and Konow, {M.} and Riepen, {M.} and Droege, {G.} and Lindemann, {J.} and Gries, {M.} and Apel, {T.} and Henriss, {K.} and Lund-Larsen, {T.} and Steibl, {S.} and Borkar, {S.} and De, {V.} and Van Der Wijngaart, {R.} and Mattson, {T.}",
	title="A {48-Core} {IA}-32 message-passing processor with {DVFS} in {45nm} {CMOS}",
	booktitle="Proceedings of IEEE Int. Solid State Circuits Conference (ISSCC 2010)",
	volume="978-1-4244-8300-6",
	pages="108-110",
	year="2010",
}

@TECHREPORT{corley10,
	author="Corley, {M.A.}",
	title="Intel lifts the hood on its single chip cloud computer",
	institution="IEEE Spectrum online",
	year="2010",
	address="spectrum.ieee.org/semiconductors/processors/intel-lifts-the-hood-on-its-singlechip-cloud-computer",
	type="Report from {ISSCC-2010}",
}

@article{lakshmivarahan84,
	author="Lakshmivarahana, {S. } and Dhalla, Sudarshan {K.} and Millera, Leslie {L.}",
	title="Parallel Sorting Algorithms",
	journal="Advances in Computers",
	year="1984",
	pages="295-354",
	volume="23",
}

% ======== Publish-subscribe algorithms =========

@TECHREPORT{baldoni06,
	AUTHOR="Baldoni, {R.} and Virgillito, {A.}",
	TITLE="{Distributed Event Routing in Publish/Subscribe Communication Systems: a survey (revised version)}",
	YEAR="2006",
	INSTITUTION="MIDLAB 1/2006 - Dipartimento di Informatica e Sistemistica A.Rubert, Università di Roma la Sapienza",
	URL="http://www.dis.uniroma1.it/~midlab",
}

@book{stoy07,
	author="Støy, {K.} and Brandt, {D.} and Christensen, {D.J.}",
	title="Self-reconfigurable robots: an introduction",
	publisher="The MIT press",
	year="2007",
}

@book{tanenbaum96,
	author="Tanenbaum, {A.S.}",
	title="Computer networks",
	publisher="Upper Saddle River, N.J. : Prentice Hall",
	edition="3$^{rd}$",
	year="1996",
}

@article{gallager83,
	author="Gallager, {R.G.} and Humblet, {P.A.} and Spira, {P.M.}",
	title="Distributed Algorithm for Minimum-Weight Spanning Trees",
	journal="CM Transactions on Programming Languages and Systems (TOPLAS)",
	volume="5",
	pages="66-77",
	year="1983",	
}

@inproceedings{fukuda88,
	author="Fukuda, {T.} and Nakagawa, {S.}",
	title="Dynamically reconfigurable robotic systems",
	booktitle="In proceedings of IEEE international conference on robotics and automation",
	volume="3",
	pages="1581-1586",
	address="Philadephia, {P.A.}",
	year="1988",
}

@inproceedings{christensen08,
	Address = "Nice, France",
	Author = "Christensen, {D.J.} and Brandt, {D.} and Stoy, {K.} and Pagh Schultz, {U.}",
	Booktitle = "Proceedings of the 2008 IEEE/RSJ International Conference on Intelligent Robots and Systems (IROS'08)",
	Month = "September 22-26",
	Pages = "870-876",
	Title = "{A Unified Simulator for Self-Reconfigurable Robots}",
	Year = "2008",
} 

@inproceedings{murata94,
	author="Murata, {S.} and Kurokawa, {H.} and Kokaji, {S.}",
	title="Self assembling machine",
	booktitle="In proceedings of IEEE international conference on robotics and automation",
	address="San Diego, CA",
	pages="441-448",
	year="1994",
}

@inproceedings{chirikjian94,
	author="Chirikjian, {G.S.}",
	title="Kinematics of a metamorphic robotic system",
	booktitle="Proceedings of IEEE international conference on robotics and automation",
	volume="1",
	address="San Diego, CA",
	pages="449-455",
	year="1994",
}

@inproceedings{carzaniga01,
	author="Carzaniga, {A.} and Rosenblum, {D.} and Wolf, {A.}",
	title="Design and evaluation of a wide-area notification service",
	booktitle="ACM transactions on computer systems 3",
	month="August",
	year="2001",
	pages="332-383",
}

@inproceedings{segall00,
	author="Segall, {B.} and Arnold, {D.} and Boot, {J.} and Henderson, {M.} and Phelps, {T.}",
	title="Content-based routing with Elvin4",
	booktitle="Proceedings of {AUUG2K}",
	month="June",
	address="Canberra, Australia",
	year="2000",
}

@article{ostergaard06,
	author="Østergaard, {E.H.} and Kassow, {K} and Beck, {R} and Lund, {H.H.}",
	title="Design of the ATRON lattice-based self-reconfigurable robot",
	journal="Autonomous Robots",
	pages="165-183",
	year="2006",
}

@article{khan08,
	author="Malek, {K.} and Panduragan, {G.} and Kumar, {V.S. Anil}",
	title="Distributed algorithms for contructing approximate minimum spanning trees in Wireless Sensors Networks",
	journal="IEEE transactions on parallel and distributed systems",
	volume="20",
	pages="124-138",
	year="2008",
}

@inproceedings{banavar99,
	author="Banavar, {G.} and Chandra, {T.} and Mukherjee, {B.} and Nagarajarao, {J.} and Strom, {R.} and Sturman, {D.}",
	title="An efficient multicst protocol for content-based publish/subscribe systems",
	booktitle="Proc. $19^{th}$ {IEEE} International Conference on Distributed Computing Systems (1999)",
	pages="262-272",
	year="1999",
}

@book{moy91,
	author="Moy, {J.}",
	title="OSPF Protocol Analysis",
	publisher="RFC 1245 (Informational)",
	year="1991",
}

@book{moy94,
	author="Moy, {J}",
	title="MOSPF: Analysis and experience",
	publisher="FRC 1585 (Informational)",
	year="1994",
}

@misc{ase,
	author = {ASE},
	title = {http://modular.mmmi.sdu.dk/wiki/ASE},
	note = {Open source control library for modular robots},
	url = {http://modular.mmmi.sdu.dk/wiki/ASE}
}

@article{martins10,
	author="Legatheaux Martins, {J.} and {Senior Member} and {IEEE} and Duarte, {S.}",
	title="Routing algorithms for content-based publish/subscribe systems",
	journal="IEEE communications surveys and tutorials",
	volume="12",
	number="1",
	year="First quarter 2010",
}

@inproceedings{eugster01,
	author="Eugster, {P.T.} and Guerraoui, {R.} and Damm, {C.}",
	title="On objects and events",
	booktitle="Proceedings of the conference on object oriented programming systems, languages and applications (OPPSLA)",
	year="2001",
}

@inproceedings{eugster04a,
	author="Eugster, {P.T.}",
	title="Type-based publish-subscribe",
	school="EPFL",
	year="2004",
}

@article{eugster04,
	author="Eugster, {P:T:} and Guerraoui, {R}",
	title="Distributed programming with typed events",
	journal="IEEE software",
	volume="21",
	number="56-64",
	year="2004",
}

@phdthesis{cilia02,
	author="Cilia, {M}",
	title="An active functionnality service for open distributed heterogeneous environments",
	school="Department of computer sciences, Darmstad University of Technology",
	year="2002",
	type="PhD thesis",
}

@inproceedings{cugola05,
	author="Cugola, {G.} and de Cote, {J.E.M:}",
	title="On introducing location awarness in publish-subscribe middleware",
	booktitle="Proceeding of the International Workshop on Distributed Event-Based Systems (IDCS/DEB'05)",
	year="2005",
}

@inproceedings{costa03,	
	author="Costa, {P.} and Migliavacca, {M.} and Picco, {G.} and Cugola, {G.}",
	title="Introducing reliability in content-based publish-subscribe through epidemic algorithms",
	booktitle="Proceedings of the $2^{nd}$ international workshop on distributed event-based systems ({DEBS'03})",
	year="2003",
}

@inproceedings{sivaharan05,
	author="Sivaharan, {T.} and Blair, {G.} and Coulson, {G:}",
	title="GREEN: A configurable and re-configurable publish/subscribe middleware for pervasive computing",
	booktitle="Proceedings of DOA 2005",
	year="2005",
}

@inproceedings{meier02,
	author="Meier, {R.} and Cahill, {V.}",
	title="Steam: event-based middleware for wireless ad hoc networks",
	booktitle="Proceedings of the international workshop on distributed event-based systems (IDCS/DEB'02)",
	year="2002",
}

@inproceedings{huang01,
	author="Huang, {Y.} and Garcia-Molina, {H.}",
	title="Publish/subscribe in a mobile environment",
	booktitle="Proceedings of the $2^{nd}$ ACM International workshop on data engineering for wireless and mobile access (MobiDE)",
	year="2001",
}

@inproceedings{anceaume02,
	author="Anceaume, {E.} and Datta, {A.K.} and Gradinariu, {M.} and Simon, {G.}",
	title="Publish/subscribe scheme for mobile networks",
	booktitle="Proceedings of the 2002 workshop on principles of mobile computing (POMC 2002)",
	year="2002",
	pages="74-81",
}

@article{carpuscio03,
	author="Carpuscio, {M.} and Carzaniga, {A.} and Wolf, {A.L.}",
	title="Design and evaluation of a support service for mobile, wireless publish/subscribe applications",
	journal="IEEE Transactions on software engineering",
	volume="29",
	pages="1059-1071",
	year="2003",
}

@techreport{hall04,
	author="Hall, {C.P.} and Carzaniga, {A.} and Rose, {J.} and Wolf, {A.L.}",
	title="A content-based networking protocol for sensor networks",
	institution="Department of computer science, University of Colorado",
	year="2004",
	number="CU-CS-979-04",
}

@inproceedings{costa05,
	author="Costa, {G.} and Picco, {G.P.} and Rossetto, {S.}",
	title="Publish-subscribe on sensor networks: a semi-probabilistic approach",
	booktitle="Proceedings of the $2^{nd}$ IEEE international conference on mobile ad hoc and sensor systems (MASS 2005)",
	year="2005",
}

@article{rowstron01,
	author="Rowstron, {A.} and Drushchel, {P.}",
	title="Pastry: Scalable, decentralised object location, and routing for large peer-to-peer systems.",
	journal="AFIP/ACM International conference on distributed systems platforms (Middleware 2001).",
	year="2001",
	pages="329-350",
}

@misc{ratnasamy01,
	author="Ratnasamy, {S.} and Handley {M.} and Karp, {R.} and Shenker, {S}",
	title="Application-level multicast using content-addressable networks",
	howpublished="Lecture notes in Computer sciences 2233",
	year="2001",
}

@article{zhuang01,
	author="Zhuang, {S.Q.} and Zhao, {B.Y.} and Joseph, {A.D.} and Katw, {R.} and Kubiatowicz, {J}",
	title="Bayeux: An architecture for scalable and fault-tolerant wide area data dissemination",
	journal="$11^{th}$ Int. workshop on network and operating systems support for digital audio and video.",
	year="2001",
}

@inproceedings{picco05,
	author="Picco, {G.P.} and Costa, {G.}",
	title="Semi-probabilistic publish/subscribe",
	booktitle="Proceedings of $25^{th}$ {IEEE} International conference on distributed computing systems ({ICDCS} 2005)",
	year="2005",
}

@inproceedings{picco03,
	author="Picco, {G.P.} and Cugola, {G.} and Murphy, {A.L.}",
	title="Efficient content-based event dispatching in the presence of topological reconfiguration",
	booktitle="$23^{rd}$ international conference in distributed computing systems ({ICDCS} 2003)",
	year="2003",
	month="19-22 May",
	pages="234-243",
	address="Providence, RI, USA",
}

@inbook{baldoni05,
	author="Baldoni, {R.} and Beraldi, {R.} and Piergiovanni, {S.T.} and Virgillito, {A.}",
	title="On the modelling of the publish/subscribe communication systems. Concurrency and computation: Practice and experience",
	publisher="",
	year="2005",
	pages="1471-1495",
	volume="17",
}

@inproceedings{rjaibi02,
	author="Rjaibi, {W.} and Dittrich, {K.} and Jaepel, {D.}",
	title="Event matching in symmetric subscription systems",
	booktitle="Proceedings of the $12^{th}$ annual IBM centers for advanced studies conference ({CASCON} '02)",
	year="2002",
}

@inproceedings{kale05,
	author="Kale, {S.} and Hawen, {E.} and Cao, {F.} and Singh, {J.P.}",
	title="Analysis and algorithm for content-based event matching",
	booktitle="Proceedings of the fourth international workshop on distributed event-based systems ({DEBS'05})",
	year="2005",
}

@inproceedings{cao05,
	author="Cao, {F.} and Singh, {J.P.}",
	title="Medym: Match Early with dynamic multicast for content-based publish-subscribe networks",
	booktitle="Proceedings of the {ACM/IFIP/USENIX} $6^{th}$ international middleware conference (Middleware 2005)",
	year="2005",
}

@inproceedings{cao04,
	author="Cao, {F.} and Singh, {J.P.}",
	title="Efficient event routing in content-based publish-subscribe service networks",
	booktitle="$23^{rd}$ conference on computer communcations ({IEEE INFOCOM 2004}i)",
	year="2004",
}

@article{castro02,
	author="Castro, {M.} and Druschel, {P.} and Kermarrec, {A.} and Rowston, {A.}",
	title="Scribe: a large-scale and decentralized application-level multicast infrastructure.",
	journal="IEEE journal on selected areas in communications",
	volume="20",
	month="October",
	year="2002",
}

@inproceedings{segall05,
	author="Segall, {B.} and Arnorld, {D.}",
	title="Elvin has left the building: a publish/subscribe notification service with quenching",
	booktitle="Proc. of the 1997 australian UNIX and open-source users group conference",
	year="1997",
}

@techreport{team04,
	author="Team, {T.G.}",
	title="Achieving scalability and thoughpoyt in a publish/subscribe system (IBM research report RC23103)",
	institution="IBM",
	year="2004",
}

@inproceedings{gupta04,
	author="Gupta, {A.} and Sahin, {O.} and Agrawal, {D} and Addabi, {A.E.}",
	title="Meghdoot: content-based publish/subscribe over p2p networks",
	booktitle="Proceedings of the {ACMIFIP/USENIX} $5^{th}$ international middleware conference (Middleware'04)",
	year="2004",
}

@inproceedings{pietzuch02,
	author="Pietzuch, {P.R.} and Bacon, {J.M.}",
	title="Hermes: A Distributed Event-Based Middleware Architecture",
	booktitle="22nd International Conference on Distributed Computing Systems Workshops (ICDCSW '02)",
	year="2002",
}

@inproceedings{terpstra03,
	author="Terpstra, {W.W.} and Behnel, {S.} and Fiege {L.} and Zeider, {A.} and Bushmann, {A.P.}",
	title="A peer-to-peer approach to content-based publish/subscribe systems",
	booktitle="Proceedings of the $2^{nd}$ international workshop on distributed event-based systems ({DEBS'03})",
	year="2003",
}

@inproceedings{eugster02,
	author="Eugster, {P.T.} and Guerraoui, {R.}",
	title="Probabilistic multicast",
	booktitle="Proceedings of the $3^{rd}$ {IEEE} international conference on dependable systems and networks ({DSN 2002})",
	year="2002",
	pages="313-322",
}

@inproceedings{yoneki04,
	author="Yoneki, {E.} and Bacon, {J.}",
	title="Content based routing with on-demand multicast",
	booktitle="Proceedings of the $24^{th}$ {IEEE} international conference on distributed computing systems, workshop on wireless ad hoc networking ({ICDCS - WWAN} 2004)",
	year="2004",
	pages="788-793",
}

@inproceedings{baldoni05a,
	author="Baldoni, {R.} and Marchetti, {C.} and Virgillito, {A.} and Vitenberg, {R.}",
	title="Content-based publish-subscribe over sutructured overlay networks",
	booktitle="International conference on distributed computing systems ({ICDCS 2005})",
	year="2005",
}	

@inproceedings{baldoni05b,
	author="Baldoni, {R.} and Beraldi, {R.} and Cugola, {G.} and Migliavacca, {M.} and Querzoni, {L.}",
	title="Structure-less content-based routing in mobile ad hoc networks",
	booktitle="In proceedings of the international conference on pervasive services ({ICPS}'05)",
	year="2005",
	address="Santorini, Greece",
	month="July",
}

@techreport{baehni04,
	author="Baehni, {S.} and Chhabra, {C.} and Guerraoui, {R.}",
	title="Mobility friendly publish/subscribe",
	institution="EPFL",
	year="2004",
	type="technical report",
	number="200488",
}

@inproceedings{carzaniga04,
	author="Carzaniga, {A.} and Rutherford, {M.J.} and Wolf, {A.L.}",
	title="A routing scheme for content-based networking",
	booktitle="Proceedings of {IEEE INFOCOM} 2004",
	year="2004",
}

@inproceedings{carzaniga03,
	author="Carzaniga, {A.} and Wolf, {A.L.}",
	title="Forwarding in a content-based network",
	booktitle="Proceedings of {ACM SIGCOMM} 2003",
	year="2003",
}

@inproceedings{aguilera99,
	author="Aguilera, {M.} and Strom, {R.} and Sturman, {D.} and Astley, {M.} and Chandra, {T.}",
	title="Matching events in a content-based subscription system",
	booktitle="Eighteenth annual ACM symposium on principles of distributed computing",
	year="1999",
	pages="57-61",
}

@book{mulh06,
	author="Mülh, {G.} and Fiege, {L.} and Pietzuch, {F.C.}",
	title="Distributed Event-based systems",
	publisher="Springer Verlag",
	address="Berlin, Germany",
	year="2006",
}

@article{diot00,
	author="Diot, {C.} and Levine, {B.} and Lyles, {B.} and Kassem, {H.} and Balensiefen, {D.}",
	title="Deployement issues for the ip multicast service",
	journal="IEEE network magazine, special issue on multicasting",
	year="2000",
}

@unpublished{kremer10,
	author="Kremer, {G.} and Melot, {N.} and Pottier, {B.} and Plantec, {A.}",
	title="Modeling mobility at process level for Wireless Sensor Networks",
	booktitle="Conférence sur les Technologies de l’Information, de la Communication et de la Géolocalisation dans les Systèmes de Transports",
	year="2010",
}
	

@inproceedings{adler01,
	author="Adler, {M.} and Ge, {Z.} and Kurose, {J.} and Towsley, {D.} and Zabele, {S.}",
	title="Channelisation problem in large scale data dissemination",
	booktitle="Ninth international conference on",
	year="2001",
	volume="Network protocols, 2001",
	pages="100-109",
}

@inbook{dalal78,
	author="Dalal, {Y.K.} and Metcalfe, {R.M.}",
	title="Reverse path forwarding of broadcast packets",
	publisher="Communication of ACM",
	year="1978",
	pages="1040-1048",
}

@inproceedings{zhang05,
	author="Zhang, {R.} and Hu, {Y.}",
	title="HYPER: a hybrid approach to efficient content-based publish/subscribe",
	booktitle="Proceedings of $25^{th}$ {IEEE} international conference of distributed computing systems ({ICDCS})",
	year="2005",
	pages="102-123",
}

@inproceedings{zhang02,
	author="Zhang, {Y.} and Yim, {M:H:} and Eldershaw, {C.} and Roufas, {K.D.} and Duff, {D.G.}",
	title="Attribute/service model: design patterns for efficient coordination of distributed sensors, actuators and tasks in embedded systems",
	booktitle="Workshop on Embedded System Codesign (ESCODES '02)",
	year="2002",
	address="San Jose, CA, USA",
}

@inproceedings{wang02,
	author="Wang, {Y.} and Qiu, {D.} and Achlioptas, {G.} Das and Larson, {P.} and Wang, {H.}",
	title="Subscription partitioning and routing in content-based publish/subscribe networks",
	booktitle="$16^{th}$ international symposium on distributed computeing ({DISC}'02)",
	year="2002",
}

@article{demers88,
	author="Demers, {A.} and Greene, {D.} and Hauser, {C.} and Irish, {W.} and Larson, {J.} and Shenker, {S.} and Sturgis, {H.} and Swinehart, {D.} and Terry, {D.}",
	title="Epidemic algorithms for replicated database maintenance",
	journal="Operating systems review",
	volume="22",
	number="1",
	year="1999",
	pages="8-32",
}

@inproceedings{oki93,
	author="Oki, {B.} and and Pfluegel, {M.} and Siegel, {A.} and Skeen, {D.}",
	title="The information bus - an architecture for extensive distributed systems",
	booktitle="1993 ACM symposium on operating systems principles",
	month="December",
	year="1993",
}

@article{yim02,
	author="Yim, {M.} and Ying, {Z.} and Roufas, {K.} and Duff, {D.} and Eldershaw, {C.}",
	title="Connecting and disconnecting for chain self-reconfiguration with PolyBot",
	journal="IEEE/ASME transactions on mechatronics",
	volume="7",
	number="4",
	year="2002",
	pages="442-451",
}

@inproceedings{garcia09,
	Address = {Kobe, Japan},
	Author = {Garcia, {R.F.M.} and Lyder, {A.} and Christensen, {D.J.} and Stoy, {K.}},
	Booktitle = {Proceedings of the {IEEE} International Conference on Robotics and Automation ({ICRA}'2009)},
	Month = {May},
	Pages = {1152-1158},
	Title = {Reusable Electronics and Adaptable Communication as Implemented in the Odin Modular Robot},
	Year = {2009}
}

@inproceedings{garcia07,
	Address = "Athens, Greece",
	Author = "Garcia, {R.F.M.} and Støy, {K.} and Christensen, {D.J.} and Lyder, {A.}",
	Booktitle = "Proceedings of the First International Conference on Robot Communication and Coordination ({ROBOCOMM}'2007)",
	Month = "October",
	Title = "A Self-Reconfigurable Communication Network for Modular Robots",
	Year = "2007"
}

@inproceedings{lyder08,
	Address = {Nice, France},
	Author = {Lyder, {A.} and Garcia, {R.F.M.} and Støy, {K.}},
	Booktitle = {Proceedings of the {IEEE/RSJ} International Conference on Intelligent Robots and Systems ({IROS}'2008)},
	Month = {September},
	Pages = {883-888},
	Title = {Mechanical Design of Odin, an Extendable Heterogeneous Deformable Modular Robot},
	Year = {2008}
}

@inproceedings{lyder10,
	author="Lyder, {A.} and Garcia, {R.F.M.} and Støy, {K.}",
	title="Genderless Connection Mechanism for Modular Robots Introducing Torque Transmission Between Modules",
	booktitle="Workshop Modular Robots: State of the Art (ICRA 2010)",
	pages="77-81",
	year="2010",
}
